
@inproceedings{macal_agent-based_2010,
	title = {To agent-based simulation from system dynamics},
	url = {http://ieeexplore.ieee.org/xpls/abs_all.jsp?arnumber=5679148},
	urldate = {2014-07-31},
    booktitle = {Simulation Conference ({WSC}), Proceedings of the 2010 Winter},
    publisher = {{IEEE}},
    author = {Macal, Charles M.},
    year = {2010},
	pages = {371â€“382},
	file = {05679148.pdf:/home/gidden/.mozilla/firefox/zng0cxpn.default/zotero/storage/6FBMG5BN/05679148.pdf:application/pdf}
}

@book{babbage2011passages,
  title={Passages from the Life of a Philosopher},
  author={Babbage, Charles},
  year={2011},
  publisher={Cambridge University Press}
}

@article{sacks1989design,
  title={Design and analysis of computer experiments},
  author={Sacks, Jerome and Welch, William J and Mitchell, Toby J and Wynn, Henry P},
  journal={Statistical science},
  pages={409--423},
  year={1989},
  publisher={JSTOR}
}

@book{boehm1989software,
  title={Software risk management},
  author={Boehm, Barry},
  year={1989},
  publisher={Springer}
}

@book{NQA-1a-2009,
title={NQA-1a-2009, Addenda to ASME NQA-1-2008, Quality Assurance Requirements for Nuclear Facility Applications},
year={2009},
publisher = {American Society of Mechanical Engineers},
address = {New York, NY},
}

@book{larman2004agile,
  title={Agile and Iterative Development: A Manager's Guide},
  author={Larman, Craig},
  year={2004},
  publisher={Addison-Wesley Professional}
}

@techreport{neams-qa,
  title = {NUCLEAR ENERGY ADVANCED MODELING AND SIMULATION (NEAMS) SOFTWARE VERIFICATION AND VALIDATION (V&V) PLAN REQUIREMENTS},
  institution = {U.S. Deptartment of Energy, Office of Nuclear Energy},
  year = {2013},
  month = {Jul},
  howpublished={\url{http://www.energy.gov/sites/prod/files/2013/09/f2/NEAMS%20Software%20Verification%20and%20Validation%20Plan%20Requirements%20Version%200.pdf}}
} 

@inproceedings{pyne-vv,
  title={Quality Assurance within the PyNE Open Source Toolkit},
  booktitle={American Nuclear Society 2014 Winter Meeting [acepted]},
  publisher={{ANS}},
  author={Biondo, Elliott and Scopatz, Anthony and Gidden, Matthew and  
          Slaybaugh, Rachel and Bates, Cameron Wilson, Paul P.H.},
  year={2014},
}

